@Article{higgs_atlas,
  author =       "{ATLAS Collaboration}",
  title =        "{Observation of a new particle in the search for the Standard
                  Model Higgs boson with the ATLAS detector at the LHC}",
  journal =      "Phys. Lett. B",
  volume =       "716",
  year =         "2012",
  pages =        "1",
  doi =          "10.1016/j.physletb.2012.08.020",
  reportNumber = "CERN-PH-EP-2012-218",
  eprint =       "1207.7214",
  archivePrefix ="arXiv",
  primaryClass = "hep-ex",
}

@Article{higgs_cms,
  author =       "{CMS Collaboration}",
  title =        "{Observation of a new boson at a mass of 125 GeV with the CMS
                  experiment at the LHC}",
  journal =      "Phys. Lett. B",
  volume =       716,
  year =         2012,
  pages =        30,
  doi =          "10.1016/j.physletb.2012.08.021",
  reportNumber = "CERN-PH-EP-2012-220",
  eprint =       "1207.7235",
  archivePrefix ="arXiv",
  primaryClass = "hep-ex",
}

@Booklet{atlas:taurec:run2,
  author =       "{ATLAS Collaboration}",
  title =        "{Reconstruction, Energy Calibration, and Identification of
                  Hadronically Decaying Tau Leptons in the ATLAS Experiment for
                  Run-2 of the LHC}",
  howpublished = "{ATL-PHYS-PUB-2015-045}",
  url =
                  "https://atlas.web.cern.ch/Atlas/GROUPS/PHYSICS/PUBNOTES/ATL-PHYS-PUB-2015-045",
  year =         "2015",
}

@Article{atlas:taurec:run1,
  author =       "{ATLAS Collaboration}",
  title =        "{Identification and energy calibration of hadronically
                  decaying tau leptons with the ATLAS experiment in $pp$
                  collisions at $\sqrt{s} = 8\;\mbox{TeV}$}",
  journal =      "Eur. Phys. J. C",
  volume =       "75",
  year =         "2015",
  pages =        "303",
  doi =          "10.1140/epjc/s10052-015-3500-z",
  reportNumber = "CERN-PH-EP-2014-227",
  eprint =       "1412.7086",
  archivePrefix ="arXiv",
  primaryClass = "hep-ex",
}

@Article{atlas:taurec:decaymodes,
  author =       "{ATLAS Collaboration}",
  title =        "{Reconstruction of hadronic decay products of tau leptons with
                  the ATLAS experiment}",
  journal =      "Eur. Phys. J. C",
  volume =       "76",
  year =         "2016",
  pages =        "295",
  doi =          "10.1140/epjc/s10052-016-4110-0",
  reportNumber = "CERN-PH-EP-2015-294",
  eprint =       "1512.05955",
  archivePrefix ="arXiv",
  primaryClass = "hep-ex",
}

@Article{atlas_topoclustering,
    author         = "{ATLAS Collaboration}",
    title          = "{Topological cell clustering in the ATLAS calorimeters and its performance in LHC Run~1}",
    journal        = "Eur. Phys. J. C",
    volume         = "77",
    year           = "2017",
    pages          = "490",
    doi            = "10.1140/epjc/s10052-017-5004-5",
    reportNumber   = "CERN-PH-EP-2015-304",
    eprint         = "1603.02934",
    archivePrefix  = "arXiv",
    primaryClass   = "hep-ex",
}

@Article{tmva,
  author =       "Hoecker, Andreas and Speckmayer, Peter and Stelzer, Joerg and
                  Therhaag, Jan and von Toerne, Eckhard and Voss, Helge",
  title =        "{TMVA: Toolkit for Multivariate Data Analysis}",
  journal =      "PoS",
  volume =       "ACAT",
  year =         "2007",
  pages =        "40",
  eprint =       "physics/0703039",
  archivePrefix ="arXiv",
  primaryClass = "physics.data-an",
  SLACcitation = "%%CITATION = PHYSICS/0703039;%%"
}

@Article{lstm,
  author =       "Hochreiter, Sepp and Schmidhuber, JÃ¼rgen",
  title =        "{Long Short-Term Memory}",
  journal =      "Neural Comput.",
  volume =       "9",
  number =       "8",
  pages =        "1735",
  year =         "1997",
  doi =          "10.1162/neco.1997.9.8.1735",
}

@Article{elman,
  author =       {Elman, Jeffrey L.},
  title =        {Finding Structure in Time},
  journal =      "Cogn. Sci.",
  volume =       14,
  number =       2,
  publisher =    {Lawrence Erlbaum Associates, Inc.},
  doi =          {10.1207/s15516709cog1402_1},
  pages =        {179--211},
  year =         1990,
}

@Book{esl,
  title =        {The Elements of Statistical Learning: Data Mining, Inference,
                  and Prediction},
  author =       {Hastie, T. and Tibshirani, R. and Friedman, J.},
  edition =      {2},
  isbn =         {978-0-387-84858-7},
  lccn =         {2008941148},
  series =       {Springer Series in Statistics},
  year =         {2009},
  publisher =    {Springer New York}
}

@Article{pdg,
  author =       "Patrignani, C. and others",
  title =        "{Review of Particle Physics}",
  collaboration ="Particle Data Group",
  journal =      "Chin. Phys. C",
  volume =       "40",
  year =         "2016",
  number =       "10",
  pages =        "100001",
  doi =          "10.1088/1674-1137/40/10/100001",
  SLACcitation = "%%CITATION = CHPHD,C40,100001;%%"
}

@Article{perl,
  title =        {Evidence for Anomalous Lepton Production in
                  ${e}^{+}\ensuremath{-}{e}^{\ensuremath{-}}$ Annihilation},
  author =       {Perl, M. L. and Abrams, G. S. and Boyarski, A. M. and
                  Breidenbach, M. and Briggs, D. D. and Bulos, F. and Chinowsky,
                  W. and Dakin, J. T. and Feldman, G. J. and Friedberg, C. E.
                  and Fryberger, D. and Goldhaber, G. and Hanson, G. and Heile,
                  F. B. and Jean-Marie, B. and Kadyk, J. A. and Larsen, R. R.
                  and Litke, A. M. and L\"uke, D. and Lulu, B. A. and L\"uth, V.
                  and Lyon, D. and Morehouse, C. C. and Paterson, J. M. and
                  Pierre, F. M. and Pun, T. P. and Rapidis, P. A. and Richter,
                  B. and Sadoulet, B. and Schwitters, R. F. and Tanenbaum, W.
                  and Trilling, G. H. and Vannucci, F. and Whitaker, J. S. and
                  Winkelmann, F. C. and Wiss, J. E.},
  journal =      {Phys. Rev. Lett.},
  volume =       {35},
  number =       {22},
  pages =        {1489--1492},
  year =         {1975},
  month =        {Dec},
  publisher =    {American Physical Society},
  doi =          {10.1103/PhysRevLett.35.1489},
}

@inproceedings{lecun-backprop,
  author =       "LeCun, Y. and Bottou, L. and Orr, G. and M\"uller, K.",
  title =        "Efficient BackProp",
  booktitle =    "Neural Networks: Tricks of the trade",
  editor =       "Orr, G. and M\"uller, K.",
  publisher =    "Springer",
  year =         1998
}

@thesis{bwinter,
  author =       {Winter, Benedict},
  title =        {Reconstruction of neutral pions in hadronic tau lepton decays
                  in the ATLAS detector},
  type =         {Master Thesis},
  school =       {University of Bonn},
  year =         {2012},
  note =         {BONN-IB-2013-04}
}

@thesis{yuen,
  author =       {Yuen, Stephanie},
  title =        {Improving the Reconstruction of Neutral Pions in Tau Decays
                  Using the Strip Layer of the ATLAS Electromagnetic
                  Calorimeter},
  type =         {Master Thesis},
  school =       {University of Bonn},
  year =         2013
}

@thesis{climbach,
  author =       {Limbach, Christian},
  title =        {A new method for tau lepton reconstruction and its application
                  in the ATLAS detector},
  type =         {Ph.D.\ dissertation},
  school =       {University of Bonn},
  year =         2015,
  note =         {BONN-IR-2015-03}
}

@thesis{duschinger,
  author =       {Duschinger, Dirk},
  title =        {Search for neutral bosons beyond the Standard Model decaying
                  into tau leptons using the ATLAS detector at the LHC},
  type =         {Ph.D.\ dissertation},
  school =       {Technische Universit\"at Dresden},
  year =         {2017},
  note =         {In preparation}
}

@Book{thomson,
  title =        {Modern Particle Physics},
  author =       {Thomson, M.},
  isbn =         {978-1-107-03426-6},
  lccn =         2013002757,
  series =       {Modern Particle Physics},
  year =         2013,
  publisher =    {Cambridge University Press}
}

@Article{atlas_detector,
  author =       "{ATLAS Collaboration}",
  title =        "{The ATLAS Experiment at the CERN Large Hadron Collider}",
  journal =      "JINST",
  volume =       "3",
  year =         "2008",
  pages =        "S08003",
  doi =          "10.1088/1748-0221/3/08/S08003",
  primaryClass = "hep-ex",
}

@techreport{ikai_trigger,
  author =       "Ikai, Takashi",
  title =        "{Performance of the ATLAS Tau Trigger in Run-II}",
  address =      "Geneva",
  number =       "ATL-COM-DAQ-2016-021",
  month =        "Feb",
  reportNumber = "ATL-COM-DAQ-2016-021",
  url =          "https://cds.cern.ch/record/2134034",
}

@Article{friedman_gbm,
  author =       {Jerome Friedman},
  title =        {Greedy Function Approximation: A Gradient Boosting Machine},
  journal =      {Ann. Stat.},
  year =         2001,
  volume =       29,
  number =       5,
  pages =        {1189--1232},
  doi =          {10.1214/aos/1013203451},
}

@article{logitboost,
  author =       {Jerome Friedman and Trevor Hastie and Robert Tibshirani},
  title =        {Additive Logistic Regression: a Statistical View of Boosting},
  journal =      {Ann. Stat.},
  year =         2000,
  volume =       28,
  number =       2,
  pages =        337,
}

@Book{graves,
  author =       {Alex Graves},
  title =        {Supervised Sequence Labelling with Recurrent Neural Networks},
  series =       {Studies in Computational Intelligence},
  volume =       {385},
  publisher =    {Springer},
  year =         {2012},
  doi =          {10.1007/978-3-642-24797-2},
  isbn =         {978-3-642-24796-5}
}

@Article{hornik,
  author =       {Hornik, Kurt},
  title =        {Approximation Capabilities of Multilayer Feedforward Networks},
  journal =      {Neural Netw.},
  issue_date =   1991,
  volume =       4,
  number =       2,
  month =        mar,
  year =         1991,
  pages =        {251--257},
  numpages =     7,
  doi =          {10.1016/0893-6080(91)90009-T},
  acmid =        109700,
  publisher =    {Elsevier Science Ltd.},
  address =      {Oxford, UK, UK},
}

@Book{bishop,
  author =       {Bishop, Christopher M.},
  title =        {Pattern Recognition and Machine Learning},
  year =         2006,
  isbn =         {978-0-387-31073-2},
  series =       {Information Science and Statistics},
  publisher =    {Springer New York},
}

@Article{lecun_bengio_hinton_DL,
  title =        "Deep learning",
  author =       "Yann Lecun and Yoshua Bengio and Geoffrey Hinton",
  year =         2015,
  month =        5,
  doi =          "10.1038/nature14539",
  volume =       521,
  pages =        "436--444",
  journal =      "Nature",
  publisher =    "Nature Publishing Group",
  number =       7553,
}

@Book{williams_zipser,
  author =       {Williams, Ronald J. and Zipser, David},
  chapter =      {Gradient-based Learning Algorithms for Recurrent Networks and
                  Their Computational Complexity},
  title =        {Backpropagation: Theory, Architectures, and Applications},
  editor =       {Chauvin, Yves and Rumelhart, David E.},
  year =         {1995},
  isbn =         {978-0-8058-1259-6},
  publisher =    {L. Erlbaum Associates Inc.},
  address =      {Hillsdale, NJ, USA},
}

@Book{hochreiter,
  author =       {Hochreiter, S. and Bengio, Y. and Frasconi, P. and
                  Schmidhuber, J.},
  title =        {A Field Guide to Dynamical Recurrent Neural Networks},
  editor =       {Kremer, S. C. and Kolen, J. F.},
  publisher =    {Wiley-IEEE Press},
  chapter =      {Gradient Flow in Recurrent Nets: The Difficulty of Learning
                  Long-Term Dependencies},
  year =         2001,
  isbn =         {978-0-7803-5369-5}
}

@Online{adam,
  author =       {Diederik P. Kingma and Jimmy Ba},
  title =        {Adam: {A} Method for Stochastic Optimization},
  year =         2014,
  eprint =       "1412.6980",
  archivePrefix ="arXiv",
  primaryClass = "cs.LG",
}

@online{lhc_2016_report,
  author =       "Stefania Pandolfi",
  title =        "{LHC Report: end of 2016 proton-proton operation}",
  month =        "Oct",
  year =         "2016",
  url =          "http://cds.cern.ch/record/2229040",
}

@inproceedings{schapire_boosting,
  author =       {Schapire, Robert E.},
  title =        {A Brief Introduction to Boosting},
  editor =       {Dean, Thomas},
  booktitle =    {Proceedings of the Sixteenth International Joint Conference on
                  Artificial Intelligence},
  volume =       {2},
  year =         1999,
  location =     {Stockholm, Sweden},
  pages =        {1401--1406},
  numpages =     6,
  publisher =    {Morgan Kaufmann Publishers Inc.},
  address =      {San Francisco, CA, USA},
}

@Book{goodfellow_dl,
  title =        {Deep Learning},
  author =       {Ian Goodfellow and Yoshua Bengio and Aaron Courville},
  publisher =    {MIT Press},
  year =         2016,
  isbn      =    {978-0-262-03561-3},
}

@article{Berge2014,
  author =       "Berge, Stefan and Bernreuther, Werner and Kirchner, Sebastian",
  title =        "Determination of the Higgs CP-mixing angle in the tau decay
                  channels at the LHC including the Drell--Yan background",
  journal =      "Eur. Phys. J. C",
  year =         2014,
  volume =       74,
  number =       11,
  pages =        3164,
  doi =          "10.1140/epjc/s10052-014-3164-0",
  eprint         = "1408.0798",
  archivePrefix  = "arXiv",
  primaryClass   = "hep-ph",
}

@online{athena,
  author =       "{ATLAS Collaboration}",
  title =        "Athena",
  url =          {https://gitlab.cern.ch/atlas/athena},
  version =      {21.0},
  urldate =      {2017-08-24},
}

@online{calo_tes,
  author =       "Martin Dit Latour, Bertrand",
  title =        "Calorimeter-based TES for MC16a",
  note =         "Talk given in informal Tau Combined Performance meeting",
  year =         2017,
  url =          "https://indico.cern.ch/event/611827/contributions/2467390/attachments/1408053/2152387/Martin_TES_MC16a.pdf",
  urldate =      {2017-08-29}
}

@Book{hl_lhc_prelim_design_report,
  author =       "Apollinari, G and BÃ©jar Alonso, I and BrÃ¼ning, O and Lamont, M
                  and Rossi, L",
  title =        "{High-Luminosity Large Hadron Collider (HL-LHC): Preliminary
                  Design Report}",
  publisher =    "CERN",
  address =      "Geneva",
  year =         2015,
  url =          "https://cds.cern.ch/record/2116337",
  doi =          "10.5170/CERN-2015-005",
}

@Article{ghost_matching,
  author =       "Cacciari, Matteo and Salam, Gavin P. and Soyez, Gregory",
  title =        "{The Catchment Area of Jets}",
  journal =      "JHEP",
  volume =       "04",
  year =         "2008",
  pages =        "005",
  doi =          "10.1088/1126-6708/2008/04/005",
  eprint =       "0802.1188",
  archivePrefix ="arXiv",
  primaryClass = "hep-ph",
  reportNumber = "LPTHE-07-02",
  SLACcitation = "%%CITATION = ARXIV:0802.1188;%%"
}

@Booklet{a14_tune,
  author =       "{ATLAS Collaboration}",
  title =        "{ATLAS Pythia~8 tunes to $7\;\mbox{TeV}$ data}",
  howpublished = "{ATL-PHYS-PUB-2014-021}",
  url =          "https://cds.cern.ch/record/1966419",
  year =         "2014",
}

@Article{NNPDF,
  author =       "Ball, Richard D. and others",
  title =        "{Parton distributions with LHC data}",
  journal =      "Nucl. Phys. B",
  volume =       "867",
  year =         "2013",
  pages =        "244-289",
  doi =          "10.1016/j.nuclphysb.2012.10.003",
  eprint =       "1207.1303",
  archivePrefix ="arXiv",
  primaryClass = "hep-ph",
  reportNumber = "EDINBURGH-2012-08, IFUM-FT-997, FR-PHENO-2012-014,
                  RWTH-TTK-12-25, CERN-PH-TH-2012-037, SFB-CPP-12-47",
  SLACcitation = "%%CITATION = ARXIV:1207.1303;%%"
}

@Article{glashow,
  author =       "Glashow, Sheldon L.",
  title =        "{The renormalizability of vector meson interactions}",
  journal =      "Nucl. Phys.",
  volume =       "10",
  year =         "1959",
  pages =        "107-117",
  doi =          "10.1016/0029-5582(59)90196-8",
  SLACcitation = "%%CITATION = NUPHA,10,107;%%"
}

@Article{higgs_tautau,
    author         = "{ATLAS Collaboration}",
    title          = "{Evidence for the Higgs-boson Yukawa coupling to tau leptons with the ATLAS detector}",
    journal        = "JHEP",
    volume         = "04",
    year           = "2015",
    pages          = "117",
    doi            = "10.1007/JHEP04(2015)117",
    reportNumber   = "CERN-PH-EP-2014-262",
    eprint         = "1501.04943",
    archivePrefix  = "arXiv",
    primaryClass   = "hep-ex",
}

@Article{zprime,
  author =       "{ATLAS Collaboration}",
  title =        "{Search for additional heavy neutral Higgs and gauge bosons in
                  the ditau final state produced in 36 fb$^{-1}$ of $pp$
                  collisions at $\sqrt{s}$ = 13 TeV with the ATLAS detector}",
  collaboration ="ATLAS",
  year =         "2017",
  eprint =       "1709.07242",
  archivePrefix ="arXiv",
  primaryClass = "hep-ex",
  reportNumber = "CERN-EP-2017-199",
  SLACcitation = "%%CITATION = ARXIV:1709.07242;%%"
}

@Article{cms_tauid,
    author         = "{CMS Collaboration}",
    title          = "{Reconstruction and identification of $\tau$ lepton decays to hadrons and $\nu_{\tau}$ at CMS}",
    journal        = "JINST",
    volume         = "11",
    year           = "2016",
    pages          = "P01019",
    doi            = "10.1088/1748-0221/11/01/P01019",
    reportNumber   = "CERN-PH-EP-2015-261",
    eprint         = "1510.07488",
    archivePrefix  = "arXiv",
    primaryClass   = "hep-ex",
}

@Booklet{tautrigger_run2,
    author         = "{ATLAS Collaboration}",
    title          = "{The ATLAS Tau Trigger in Run~2}",
    howpublished   = "{ATLAS-CONF-2017-061}",
    url            = "https://cds.cern.ch/record/2274201",
    year           = "2017",
}

@Booklet{ibl_measurement,
  author =       "{ATLAS Collaboration}",
  title =        "{IBL Efficiency and Single Point Resolution in Collision
                  Events}",
  howpublished = "{ATL-INDET-PUB-2016-001}",
  year =         "2016",
  url =          "https://cds.cern.ch/record/2203893",
}

@Booklet{ibl_tdr,
  author =       "{ATLAS Collaboration}",
  title =        "{ATLAS Insertable B-Layer Technical Design Report}",
  howpublished = "{CERN-LHCC-2010-013}",
  year =         "2010",
  url =          "https://cds.cern.ch/record/1291633",
}

@Booklet{phase_2_scoping,
  author =       "{ATLAS Collaboration}",
  title =        "{ATLAS Phase-II Upgrade Scoping Document}",
  howpublished = "{CERN-LHCC-2015-020}",
  year =         "2015",
  url =          "https://cds.cern.ch/record/2055248",
}

@Article{higgs_bb,
  author =       "{ATLAS Collaboration}",
  title =        "{Evidence for the $H \to b\bar{b}$ decay with the ATLAS
                  detector}",
  collaboration ="ATLAS",
  year =         "2017",
  eprint =       "1708.03299",
  archivePrefix ="arXiv",
  primaryClass = "hep-ex",
  reportNumber = "CERN-EP-2017-175",
  SLACcitation = "%%CITATION = ARXIV:1708.03299;%%"
}

@Article{desch_higgs_cp,
  author =       "Desch, K. and Imhof, A. and Was, Z. and Worek, M.",
  title =        "{Probing the CP nature of the Higgs boson at linear colliders
                  with tau spin correlations: The Case of mixed scalar -
                  pseudoscalar couplings}",
  journal =      "Phys. Lett. B",
  volume =       "579",
  year =         "2004",
  pages =        "157-164",
  doi =          "10.1016/j.physletb.2003.10.074",
  eprint =       "hep-ph/0307331",
  archivePrefix ="arXiv",
  primaryClass = "hep-ph",
  reportNumber = "CERN-TH-2003-166",
  SLACcitation = "%%CITATION = HEP-PH/0307331;%%"
}

@Article{pythia82,
  author =       "SjÃ¶strand, TorbjÃ¶rn and Ask, Stefan and Christiansen, Jesper
                  R. and Corke, Richard and Desai, Nishita and Ilten, Philip and
                  Mrenna, Stephen and Prestel, Stefan and Rasmussen, Christine
                  O. and Skands, Peter Z.",
  title =        "{An Introduction to PYTHIA 8.2}",
  journal =      "Comput. Phys. Commun.",
  volume =       "191",
  year =         "2015",
  pages =        "159-177",
  doi =          "10.1016/j.cpc.2015.01.024",
  eprint =       "1410.3012",
  archivePrefix ="arXiv",
  primaryClass = "hep-ph",
  reportNumber = "LU-TP-14-36, MCNET-14-22, CERN-PH-TH-2014-190,
                  FERMILAB-PUB-14-316-CD, DESY-14-178, SLAC-PUB-16122",
  SLACcitation = "%%CITATION = ARXIV:1410.3012;%%"
}

@Article{antikt,
  author =       "Cacciari, Matteo and Salam, Gavin P. and Soyez, Gregory",
  title =        "{The Anti-$k_t$ jet clustering algorithm}",
  journal =      "JHEP",
  volume =       "04",
  year =         "2008",
  pages =        "063",
  doi =          "10.1088/1126-6708/2008/04/063",
  eprint =       "0802.1189",
  archivePrefix ="arXiv",
  primaryClass = "hep-ph",
  reportNumber = "LPTHE-07-03",
  SLACcitation = "%%CITATION = ARXIV:0802.1189;%%"
}

@article{lhcb_bs_mumu,
  author =       "Aaij, R and others",
  title =        "{First Evidence for the Decay $B_s^0 \to \mu^+ \mu^-$}",
  collaboration ="LHCb",
  journal =      "Phys. Rev. Lett.",
  volume =       "110",
  year =         "2013",
  number =       "2",
  pages =        "021801",
  doi =          "10.1103/PhysRevLett.110.021801",
  eprint =       "1211.2674",
  archivePrefix ="arXiv",
  primaryClass = "hep-ex",
  reportNumber = "CERN-PH-EP-2012-335, LHCB-PAPER-2012-043",
  SLACcitation = "%%CITATION = ARXIV:1211.2674;%%"
}

@Article{squarks_gluinos,
    author         = "{ATLAS Collaboration}",
    title          = "{Search for squarks and gluinos in events with hadronically decaying tau leptons, jets and missing transverse momentum in proton--proton collisions at $\sqrt{s} = 13\;\mbox{TeV}$ recorded with the ATLAS detector}",
    journal        = "Eur. Phys. J. C",
    volume         = "76",
    year           = "2016",
    pages          = "683",
    doi            = "10.1140/epjc/s10052-016-4481-2",
    reportNumber   = "CERN-EP-2016-145",
    eprint         = "1607.05979",
    archivePrefix  = "arXiv",
    primaryClass   = "hep-ex",
}

@Article{cms_bs_mumu,
  author =       "{CMS Collaboration}",
  title =        "{Observation of the rare $B^0_s\rightarrow\mu^+\mu^-$ decay
                  from the combined analysis of CMS and LHCb data}",
  journal =      "Nature",
  volume =       "522",
  year =         "2015",
  pages =        "68",
  doi =          "10.1038/nature14474",
  reportNumber = "CERN-PH-EP-2014-220",
  eprint =       "1411.4413",
  archivePrefix ="arXiv",
  primaryClass = "hep-ex",
}

@article{weinberg,
      author         = "Weinberg, Steven",
      title          = "{A Model of Leptons}",
      journal        = "Phys. Rev. Lett.",
      volume         = "19",
      year           = "1967",
      pages          = "1264-1266",
      doi            = "10.1103/PhysRevLett.19.1264",
      SLACcitation   = "%%CITATION = PRLTA,19,1264;%%"
}

@article{englert_brout,
      author         = "Englert, F. and Brout, R.",
      title          = "{Broken Symmetry and the Mass of Gauge Vector Mesons}",
      journal        = "Phys. Rev. Lett.",
      volume         = "13",
      year           = "1964",
      pages          = "321-323",
      doi            = "10.1103/PhysRevLett.13.321",
      SLACcitation   = "%%CITATION = PRLTA,13,321;%%"
}

@article{higgs,
      author         = "Higgs, Peter W.",
      title          = "{Broken Symmetries and the Masses of Gauge Bosons}",
      journal        = "Phys. Rev. Lett.",
      volume         = "13",
      year           = "1964",
      pages          = "508-509",
      doi            = "10.1103/PhysRevLett.13.508",
      SLACcitation   = "%%CITATION = PRLTA,13,508;%%"
}

@article{sakharov,
  author =       {{Sakharov}, A.~D.},
  title =        "{Violation of CP Invariance, C Asymmetry, and Baryon Asymmetry
                  of the Universe}",
  journal =      {JETP Lett.},
  year =         1967,
  month =        jan,
  volume =       5,
  pages =        24,
}

@article{sno_neutrino_1,
      author         = "Ahmad, Q. R. and others",
      title          = "{Measurement of the rate of $\nu_e+d \to p+p+e^-$
                        interactions produced by $^8B$ solar neutrinos at the
                        Sudbury Neutrino Observatory}",
      collaboration  = "SNO",
      journal        = "Phys. Rev. Lett.",
      volume         = "87",
      year           = "2001",
      pages          = "071301",
      doi            = "10.1103/PhysRevLett.87.071301",
      eprint         = "nucl-ex/0106015",
      archivePrefix  = "arXiv",
      primaryClass   = "nucl-ex",
      reportNumber   = "UPR-0240E",
      SLACcitation   = "%%CITATION = NUCL-EX/0106015;%%"
}

@article{sno_neutrino_2,
      author         = "Ahmad, Q. R. and others",
      title          = "{Direct evidence for neutrino flavor transformation from
                        neutral current interactions in the Sudbury Neutrino
                        Observatory}",
      collaboration  = "SNO",
      journal        = "Phys. Rev. Lett.",
      volume         = "89",
      year           = "2002",
      pages          = "011301",
      doi            = "10.1103/PhysRevLett.89.011301",
      eprint         = "nucl-ex/0204008",
      archivePrefix  = "arXiv",
      primaryClass   = "nucl-ex",
      SLACcitation   = "%%CITATION = NUCL-EX/0204008;%%"
}

@article{superk_neutrino,
      author         = "Fukuda, Y. and others",
      title          = "{Evidence for oscillation of atmospheric neutrinos}",
      collaboration  = "Super-Kamiokande",
      journal        = "Phys. Rev. Lett.",
      volume         = "81",
      year           = "1998",
      pages          = "1562-1567",
      doi            = "10.1103/PhysRevLett.81.1562",
      eprint         = "hep-ex/9807003",
      archivePrefix  = "arXiv",
      primaryClass   = "hep-ex",
      reportNumber   = "BU-98-17, ICRR-REPORT-422-98-18, UCI-98-8,
                        KEK-PREPRINT-98-95, LSU-HEPA-5-98, UMD-98-003, SBHEP-98-5,
                        TKU-PAP-98-06, TIT-HPE-98-09",
      SLACcitation   = "%%CITATION = HEP-EX/9807003;%%"
}

@article{mmc,
      author         = "Elagin, A. and Murat, P. and Pranko, A. and Safonov, A.",
      title          = "{A New Mass Reconstruction Technique for Resonances
                        Decaying to di-tau}",
      journal        = "Nucl. Instrum. Meth. A",
      volume         = "654",
      year           = "2011",
      pages          = "481-489",
      doi            = "10.1016/j.nima.2011.07.009",
      eprint         = "1012.4686",
      archivePrefix  = "arXiv",
      primaryClass   = "hep-ex",
      reportNumber   = "FERMILAB-PUB-11-918-PPD",
      SLACcitation   = "%%CITATION = ARXIV:1012.4686;%%"
}

@article{harnik,
      author         = "Harnik, Roni and Martin, Adam and Okui, Takemichi and
                        Primulando, Reinard and Yu, Felix",
      title          = "{Measuring CP violation in $h \to \tau^+ \tau^-$ at
                        colliders}",
      journal        = "Phys. Rev. D",
      volume         = "88",
      year           = "2013",
      number         = "7",
      pages          = "076009",
      doi            = "10.1103/PhysRevD.88.076009",
      eprint         = "1308.1094",
      archivePrefix  = "arXiv",
      primaryClass   = "hep-ph",
      reportNumber   = "CERN-PH-TH-2013-181, FERMILAB-PUB-13-296-T",
      SLACcitation   = "%%CITATION = ARXIV:1308.1094;%%"
}

@article{alice_qgp,
      author         = "Aamodt, K. and others",
      title          = "{Two-pion Bose-Einstein correlations in central Pb-Pb
                        collisions at $\sqrt{{s}_{NN}} =$ 2.76 TeV}",
      collaboration  = "ALICE",
      journal        = "Phys. Lett. B",
      volume         = "696",
      year           = "2011",
      pages          = "328-337",
      doi            = "10.1016/j.physletb.2010.12.053",
      eprint         = "1012.4035",
      archivePrefix  = "arXiv",
      primaryClass   = "nucl-ex",
      reportNumber   = "CERN-PH-EP-ALICE-2010-006, CERN-PH-EP-2010-078",
      SLACcitation   = "%%CITATION = ARXIV:1012.4035;%%"
}

@article{salam,
  author =       "Salam, Abdus and Ward, John Clive",
  title =        "{Electromagnetic and weak interactions}",
  journal =      "Phys. Lett.",
  volume =       "13",
  year =         "1964",
  pages =        "168-171",
  doi =          "10.1016/0031-9163(64)90711-5",
  SLACcitation = "%%CITATION = PHLTA,13,168;%%"
}

@book{ellis_stirling_webber,
  place =        {Cambridge},
  series =       {Cambridge Monographs on Particle Physics, Nuclear Physics and
                  Cosmology},
  title =        {QCD and Collider Physics},
  DOI =          {10.1017/CBO9780511628788},
  publisher =    {Cambridge University Press},
  author =       {Ellis, R. K. and Stirling, W. J. and Webber, B. R.},
  year =         1996,
  collection =   {Cambridge Monographs on Particle Physics, Nuclear Physics and
                  Cosmology},
  isbn =         {978-0-511-62878-8}
}

@article{susy,
  author =       "Djouadi, Abdelhak",
  title =        "{The Anatomy of Electro-Weak Symmetry Breaking. Tome II: The
                  Higgs bosons in the Minimal Supersymmetric Model}",
  journal =      "Phys. Rept.",
  volume =       "459",
  year =         "2008",
  pages =        "1-241",
  doi =          "10.1016/j.physrep.2007.10.005",
  eprint =       "hep-ph/0503173",
  archivePrefix ="arXiv",
  primaryClass = "hep-ph",
  reportNumber = "LPT-ORSAY-05-18",
  SLACcitation = "%%CITATION = HEP-PH/0503173;%%"
}

@book{bettini,
  author =       "Bettini, Alessandro",
  title =        "{Introduction to Elementary Particle Physics}",
  publisher =    "Cambridge University Press",
  address =      "Cambridge",
  year =         2008,
  isbn =         "978-0-521-88021-3",
}

@article{hmssm,
      author         = "Djouadi, A. and Maiani, L. and Moreau, G. and Polosa, A.
                        and Quevillon, J. and Riquer, V.",
      title          = "{The post-Higgs MSSM scenario: Habemus MSSM?}",
      journal        = "Eur. Phys. J. C",
      volume         = "73",
      year           = "2013",
      pages          = "2650",
      doi            = "10.1140/epjc/s10052-013-2650-0",
      eprint         = "1307.5205",
      archivePrefix  = "arXiv",
      primaryClass   = "hep-ph",
      reportNumber   = "LPT-ORSAY-13-56",
      SLACcitation   = "%%CITATION = ARXIV:1307.5205;%%"
}

@article{NUGIM,
      author         = "Li, Xiao-Yuan and Ma, Ernest",
      title          = "{Gauge model of generation nonuniversality re-examined}",
      journal        = "J. Phys. G",
      volume         = "19",
      year           = "1993",
      pages          = "1265-1278",
      doi            = "10.1088/0954-3899/19/9/006",
      eprint         = "hep-ph/9208210",
      archivePrefix  = "arXiv",
      primaryClass   = "hep-ph",
      reportNumber   = "UCRHEP-T97",
      SLACcitation   = "%%CITATION = HEP-PH/9208210;%%"
}

@article{zprimephysics,
      author         = "Langacker, Paul",
      title          = "{The Physics of Heavy $Z^\prime$ Gauge Bosons}",
      journal        = "Rev. Mod. Phys.",
      volume         = "81",
      year           = "2009",
      pages          = "1199-1228",
      doi            = "10.1103/RevModPhys.81.1199",
      eprint         = "0801.1345",
      archivePrefix  = "arXiv",
      primaryClass   = "hep-ph",
      SLACcitation   = "%%CITATION = ARXIV:0801.1345;%%"
}

@inproceedings{susy_pheno,
      author         = "Murayama, Hitoshi",
      title          = "{Supersymmetry phenomenology}",
      booktitle      = "{Proceedings of 1999 ICTP Summer School}",
      editor         = {{Senjanovi{\'c}}, G. and {Smirnov}, A.~Y.},
      year           = "2000",
      pages          = "296-335",
      eprint         = "hep-ph/0002232",
      archivePrefix  = "arXiv",
      primaryClass   = "hep-ph",
      reportNumber   = "UCB-PTH-00-05, LBNL-45321",
      SLACcitation   = "%%CITATION = HEP-PH/0002232;%%"
}

@article{cp_violation_quark_sector,
      author         = "Christenson, J. H. and Cronin, J. W. and Fitch, V. L. and
                        Turlay, R.",
      title          = "{Evidence for the $2\pi$ Decay of the $K_2^0$ Meson}",
      journal        = "Phys. Rev. Lett.",
      volume         = "13",
      year           = "1964",
      pages          = "138-140",
      doi            = "10.1103/PhysRevLett.13.138",
      SLACcitation   = "%%CITATION = PRLTA,13,138;%%"
}

@article{cp_violation_quark_sector_2,
      author         = "Fanti, V. and others",
      title          = "{A New measurement of direct CP violation in two pion
                        decays of the neutral kaon}",
      collaboration  = "NA48",
      journal        = "Phys. Lett. B",
      volume         = "465",
      year           = "1999",
      pages          = "335-348",
      doi            = "10.1016/S0370-2693(99)01030-8",
      eprint         = "hep-ex/9909022",
      archivePrefix  = "arXiv",
      primaryClass   = "hep-ex",
      reportNumber   = "CERN-EP-99-114",
      SLACcitation   = "%%CITATION = HEP-EX/9909022;%%"
}

@article{lhc,
  author =       "Evans, Lyndon and Bryant, Philip",
  title =        "{LHC Machine}",
  journal =      "JINST",
  volume =       "3",
  year =         "2008",
  pages =        "S08001",
  doi =          "10.1088/1748-0221/3/08/S08001",
  SLACcitation = "%%CITATION = JINST,3,S08001;%%"
}

@Article{theano,
  author =       {{Theano Development Team}},
  title =        "{Theano: A {Python} framework for fast computation of
                  mathematical expressions}",
  eprint =       {1605.02688},
  archivePrefix ={arXiv},
  primaryClass = "cs.SC",
  year =         {2016},
  month =        may,
}

@misc{keras,
  title =        {Keras},
  author =       {Chollet, Fran\c{c}ois and others},
  year =         {2015},
  publisher =    {GitHub},
  howpublished = {\url{https://github.com/fchollet/keras}}
}

@misc{scipy,
  author =       {Eric Jones and Travis Oliphant and Pearu Peterson and others},
  title =        {{SciPy}: Open source scientific tools for {Python}},
  year =         {2001--},
  url =          "http://www.scipy.org/",
  urldate =      {2017-08-24}
}

@article{numpy,
  author =       {StÃ©fan van der Walt and S. Chris Colbert and GaÃ«l Varoquaux},
  title =        {The NumPy Array: A Structure for Efficient Numerical
                  Computation},
  journal =      {Comput. Sci. Eng.},
  volume =       13,
  number =       2,
  pages =        {22-30},
  year =         2011,
  doi =          {10.1109/MCSE.2011.37},
}

@unpublished{indet_fig,
  author =       "Joao Pequenao",
  title =        "{Computer generated image of the ATLAS inner detector}",
  month =        "Mar",
  year =         "2008",
  reportNumber = "CERN-GE-0803014",
  url =          "https://cds.cern.ch/record/1095926",
}

@unpublished{calo_fig,
  author =       "Joao Pequenao",
  title =        "{Computer Generated image of the ATLAS calorimeter}",
  month =        "Mar",
  year =         "2008",
  reportNumber = "CERN-GE-0803015",
  url =          "https://cds.cern.ch/record/1095927",
}

@article{em_scale,
  author =       "Aharrouche, M. and others",
  title =        "{Measurement of the response of the ATLAS liquid argon barrel
                  calorimeter to electrons at the 2004 combined test-beam}",
  journal =      "Nucl. Instrum. Meth. A",
  volume =       "614",
  year =         2010,
  pages =        "400-432",
  doi =          "10.1016/j.nima.2009.12.055",
  SLACcitation = "%%CITATION = NUIMA,A614,400;%%"
}

@online{sm_wiki,
  author =       {{Wikimedia Commons}},
  title =        "Standard Model of Elementary Particles --- Wikimedia
                  Commons{,} the free media repository",
  year =         2017,
  url =
                  "https://commons.wikimedia.org/w/index.php?title=File:Standard_Model_of_Elementary_Particles.svg&oldid=256092711",
  urldate =      {2017-09-18}
}
